<?xml version="1.0" encoding="UTF-8"?><collection xmlns="http://www.loc.gov/MARC21/slim"><record><leader>00340nam--2200133-i-4500</leader><controlfield tag="001">000016080</controlfield><controlfield tag="002">20161230</controlfield><controlfield tag="005">20161230201031</controlfield><controlfield tag="008">060222s1000------------r-----000-0-eng-d</controlfield><datafield ind1=" " ind2=" " tag="245"><subfield code="a">Recent progress in surface science</subfield></datafield><datafield ind1=" " ind2=" " tag="260"><subfield code="a">New York, Academic Press, 1964</subfield></datafield><datafield ind1=" " ind2=" " tag="490"><subfield code="a">Xii+541p</subfield></datafield><datafield ind1=" " ind2=" " tag="700"><subfield code="a">Danielli, J.E</subfield></datafield><datafield ind1=" " ind2=" " tag="852"><subfield code="a">541.183:532.6:620.191</subfield></datafield></record></collection>